@article{Vogel2009,
author = {Vogel, Sven K and Pavin, Nenad and Maghelli, Nicola and J\"{u}licher, Frank and Toli\'{c}-N\o rrelykke, Iva M},
doi = {10.1371/journal.pbio.1000087},
issn = {1545-7885},
journal = {PLoS biology},
month = apr,
number = {4},
pages = {e1000087},
pmid = {19385717},
title = {{Self-organization of dynein motors generates meiotic nuclear oscillations.}},
url = {http://www.pubmedcentral.nih.gov/articlerender.fcgi?artid=2671556\&tool=pmcentrez\&rendertype=abstract},
volume = {7},
year = {2009}
}
