@article{huang1987statistical,
  title={Statistical mechanics},
  author={Huang, Kerson},
  year={1987},
  publisher={Wiley}
}

@article{lin2015pulled,
  title={Pulled Polymer Loops as a Model for the Alignment of Meiotic Chromosomes},
  author={Lin, Yen Ting and Fr{\"o}mberg, Daniela and Huang, Wenwen and Delivani, Petrina and Chac{\'o}n, Mariola and Toli{\'c}, Iva M and J{\"u}licher, Frank and Zaburdaev, Vasily},
  journal={Physical review letters},
  volume={115},
  number={20},
  pages={208102},
  year={2015},
  publisher={APS}
}

@book{klebaner2005introduction,
  title={Introduction to stochastic calculus with applications},
  author={Klebaner, Fima C and others},
  volume={57},
  year={2005},
  publisher={World Scientific}
}

@book{sander2009advanced,
  title={Advanced condensed matter physics},
  author={Sander, Leonard M},
  year={2009},
  publisher={Cambridge University Press}
}

@book{andrews1998theory,
  title={The theory of partitions},
  author={Andrews, George E},
  number={2},
  year={1998},
  publisher={Cambridge university press}
}