@book{binder2010monte,
  title={Monte Carlo simulation in statistical physics: an introduction},
  author={Binder, Kurt and Heermann, Dieter},
  year={2010},
  publisher={Springer Science \& Business Media}
}
@article{Cruz2012,
author = {Cruz, C. and Chinesta, F. and R\'{e}gnier, G.},
doi = {10.1007/s11831-012-9072-2},
file = {:Users/wenwen/Documents/Refs/art\%3A10.1007\%2Fs11831-012-9072-2.pdf:pdf},
issn = {1134-3060},
journal = {Archives of Computational Methods in Engineering},
month = may,
number = {2},
pages = {227--259},
title = {{Review on the Brownian Dynamics Simulation of Bead-Rod-Spring Models Encountered in Computational Rheology}},
url = {http://link.springer.com/10.1007/s11831-012-9072-2},
volume = {19},
year = {2012}
}
@article{Morse2004,
author = {Morse, DC},
file = {:Users/wenwen/Documents/Refs/ch2.pdf:pdf},
isbn = {0471445282},
journal = {Advances in Chemical Physics},
title = {{Theory of constrained Brownian motion}},
url = {http://books.google.com/books?hl=en\&lr=\&id=wK3Vhq-VnBQC\&oi=fnd\&pg=PA65\&dq=THEORY+OF+CONSTRAINED+BROWNIAN+MOTION\&ots=GbMzMFpZaa\&sig=4RN8DiVlfAcoYsYPRGZThixBu28},
volume = {128},
year = {2004}
}
@article{Somasi2002,
author = {Somasi, Madan and Khomami, Bamin and Woo, Nathanael J. and Hur, Joe S. and Shaqfeh, Eric S.G.},
doi = {10.1016/S0377-0257(02)00132-5},
file = {:Users/wenwen/Documents/Refs/bamin\_09.pdf:pdf},
issn = {03770257},
journal = {Journal of Non-Newtonian Fluid Mechanics},
keywords = {1-314-935-6065,1-314-935-7211,algorithm,bead-rod model,bead-spring model,brownian dynamics,coarse graining,corresponding author,dilute polymer solution,extensional flow,fax,shear flow,tel},
month = dec,
number = {1-3},
pages = {227--255},
title = {{Brownian dynamics simulations of bead-rod and bead-spring chains: numerical algorithms and coarse-graining issues}},
url = {http://linkinghub.elsevier.com/retrieve/pii/S0377025702001325},
volume = {108},
year = {2002}
}
@article{Polymers1991,
author = {Polymers, Ring},
file = {:Users/wenwen/Documents/Refs/PhysRevLett.66.2211.pdf:pdf},
number = {17},
pages = {2211--2214},
title = {{Physical review}},
volume = {66},
year = {1991}
}
@article{Liu1989,
author = {Liu, Tony W.},
doi = {10.1063/1.456389},
file = {:Users/wenwen/Documents/Refs/1.456389.pdf:pdf},
issn = {00219606},
journal = {The Journal of Chemical Physics},
number = {10},
pages = {5826},
title = {{Flexible polymer chain dynamics and rheological properties in steady flows}},
url = {http://link.aip.org/link/JCPSA6/v90/i10/p5826/s1\&Agg=doi},
volume = {90},
year = {1989}
}
@article{Pasquali2002,
author = {Pasquali, Matteo and Morse, David C and Dynamics, Brownian},
doi = {10.1063/1.1428747},
file = {:Users/wenwen/Documents/Refs/Pasquali-Morse-Metric-Algorithm-JCP-2002.pdf:pdf},
number = {5},
title = {{An efficient algorithm for metric correction forces in simulations of linear polymers with constrained bond lengths}},
volume = {116},
year = {2002}
}

@article{Hinch1994,
author = {Hinch, EJ},
file = {:Users/wenwen/Documents/Refs/JFM271\_219.pdf:pdf},
journal = {Journal of Fluid Mechanics},
pages = {219--234},
title = {{Brownian motion with stiff bonds and rigid constraints}},
url = {http://journals.cambridge.org/abstract\_S0022112094001746},
year = {1994}
}

@article{Ding2004,
author = {Ding, DQ and Yamamoto, Ayumu and Haraguchi, Tokuko and Hiraoka, Yasushi},
file = {:Users/wenwen/Documents/Refs/1-s2.0-S1534580704000590-main.pdf:pdf},
journal = {Developmental cell},
pages = {329--341},
title = {{Dynamics of homologous chromosome pairing during meiotic prophase in fission yeast}},
url = {http://www.sciencedirect.com/science/article/pii/S1534580704000590},
volume = {6},
year = {2004}
}

@article{Rosa2008,
author = {Rosa, Angelo and Everaers, Ralf},
doi = {10.1371/journal.pcbi.1000153},
file = {:Users/wenwen/Documents/Refs/journal.pcbi.1000153.pdf:pdf},
issn = {1553-7358},
journal = {PLoS computational biology},
month = jan,
number = {8},
pages = {e1000153},
pmid = {18725929},
title = {{Structure and dynamics of interphase chromosomes.}},
url = {http://www.pubmedcentral.nih.gov/articlerender.fcgi?artid=2515109\&tool=pmcentrez\&rendertype=abstract},
volume = {4},
year = {2008}
}

@article{Vogel2009,
author = {Vogel, Sven K and Pavin, Nenad and Maghelli, Nicola and J\"{u}licher, Frank and Toli\'{c}-N\o rrelykke, Iva M},
doi = {10.1371/journal.pbio.1000087},
file = {:Users/wenwen/Documents/Refs/journal.pbio.1000087.pdf:pdf},
issn = {1545-7885},
journal = {PLoS biology},
month = apr,
number = {4},
pages = {e1000087},
pmid = {19385717},
title = {{Self-organization of dynein motors generates meiotic nuclear oscillations.}},
url = {http://www.pubmedcentral.nih.gov/articlerender.fcgi?artid=2671556\&tool=pmcentrez\&rendertype=abstract},
volume = {7},
year = {2009}
}
