%merlin.mbs apsrev4-1.bst 2010-07-25 4.21a (PWD, AO, DPC) hacked
%Control: key (0)
%Control: author (72) initials jnrlst
%Control: editor formatted (1) identically to author
%Control: production of article title (-1) disabled
%Control: page (0) single
%Control: year (1) truncated
%Control: production of eprint (0) enabled
\begin{thebibliography}{37}%
\makeatletter
\providecommand \@ifxundefined [1]{%
 \@ifx{#1\undefined}
}%
\providecommand \@ifnum [1]{%
 \ifnum #1\expandafter \@firstoftwo
 \else \expandafter \@secondoftwo
 \fi
}%
\providecommand \@ifx [1]{%
 \ifx #1\expandafter \@firstoftwo
 \else \expandafter \@secondoftwo
 \fi
}%
\providecommand \natexlab [1]{#1}%
\providecommand \enquote  [1]{``#1''}%
\providecommand \bibnamefont  [1]{#1}%
\providecommand \bibfnamefont [1]{#1}%
\providecommand \citenamefont [1]{#1}%
\providecommand \href@noop [0]{\@secondoftwo}%
\providecommand \href [0]{\begingroup \@sanitize@url \@href}%
\providecommand \@href[1]{\@@startlink{#1}\@@href}%
\providecommand \@@href[1]{\endgroup#1\@@endlink}%
\providecommand \@sanitize@url [0]{\catcode `\\12\catcode `\$12\catcode
  `\&12\catcode `\#12\catcode `\^12\catcode `\_12\catcode `\%12\relax}%
\providecommand \@@startlink[1]{}%
\providecommand \@@endlink[0]{}%
\providecommand \url  [0]{\begingroup\@sanitize@url \@url }%
\providecommand \@url [1]{\endgroup\@href {#1}{\urlprefix }}%
\providecommand \urlprefix  [0]{URL }%
\providecommand \Eprint [0]{\href }%
\providecommand \doibase [0]{http://dx.doi.org/}%
\providecommand \selectlanguage [0]{\@gobble}%
\providecommand \bibinfo  [0]{\@secondoftwo}%
\providecommand \bibfield  [0]{\@secondoftwo}%
\providecommand \translation [1]{[#1]}%
\providecommand \BibitemOpen [0]{}%
\providecommand \bibitemStop [0]{}%
\providecommand \bibitemNoStop [0]{.\EOS\space}%
\providecommand \EOS [0]{\spacefactor3000\relax}%
\providecommand \BibitemShut  [1]{\csname bibitem#1\endcsname}%
\let\auto@bib@innerbib\@empty
%</preamble>
\bibitem [{\citenamefont {Wirtz}(1995)}]{Wirtz1995}%
  \BibitemOpen
  \bibfield  {author} {\bibinfo {author} {\bibfnamefont {D.}~\bibnamefont
  {Wirtz}},\ }\href@noop {} {\bibfield  {journal} {\bibinfo  {journal} {Phys.
  Rev. Lett.}\ }\textbf {\bibinfo {volume} {75}},\ \bibinfo {pages} {2436}
  (\bibinfo {year} {1995})}\BibitemShut {NoStop}%
\bibitem [{\citenamefont {Quake}\ \emph {et~al.}(1997)\citenamefont {Quake},
  \citenamefont {Babcock},\ and\ \citenamefont {Chu}}]{Quake1997a}%
  \BibitemOpen
  \bibfield  {author} {\bibinfo {author} {\bibfnamefont {S.~R.}\ \bibnamefont
  {Quake}}, \bibinfo {author} {\bibfnamefont {H.}~\bibnamefont {Babcock}}, \
  and\ \bibinfo {author} {\bibfnamefont {S.}~\bibnamefont {Chu}},\ }\href
  {\doibase 10.1038/40588} {\bibfield  {journal} {\bibinfo  {journal} {Nature}\
  }\textbf {\bibinfo {volume} {388}},\ \bibinfo {pages} {151} (\bibinfo {year}
  {1997})}\BibitemShut {NoStop}%
\bibitem [{\citenamefont {Lin}\ \emph {et~al.}(2015)\citenamefont {Lin},
  \citenamefont {Fr{\"{o}}mberg}, \citenamefont {Huang}, \citenamefont
  {Delivani}, \citenamefont {Chac{\'{o}}n}, \citenamefont {Toli{\'{c}}},
  \citenamefont {J{\"{u}}licher},\ and\ \citenamefont {Zaburdaev}}]{Lin2015}%
  \BibitemOpen
  \bibfield  {author} {\bibinfo {author} {\bibfnamefont {Y.~T.}\ \bibnamefont
  {Lin}}, \bibinfo {author} {\bibfnamefont {D.}~\bibnamefont {Fr{\"{o}}mberg}},
  \bibinfo {author} {\bibfnamefont {W.}~\bibnamefont {Huang}}, \bibinfo
  {author} {\bibfnamefont {P.}~\bibnamefont {Delivani}}, \bibinfo {author}
  {\bibfnamefont {M.}~\bibnamefont {Chac{\'{o}}n}}, \bibinfo {author}
  {\bibfnamefont {I.~M.}\ \bibnamefont {Toli{\'{c}}}}, \bibinfo {author}
  {\bibfnamefont {F.}~\bibnamefont {J{\"{u}}licher}}, \ and\ \bibinfo {author}
  {\bibfnamefont {V.}~\bibnamefont {Zaburdaev}},\ }\href {\doibase
  10.1103/PhysRevLett.115.208102} {\bibfield  {journal} {\bibinfo  {journal}
  {Phys. Rev. Lett.}\ }\textbf {\bibinfo {volume} {115}},\ \bibinfo {pages}
  {208102} (\bibinfo {year} {2015})}\BibitemShut {NoStop}%
\bibitem [{\citenamefont {Jun}\ and\ \citenamefont {Wright}(2010)}]{Jun2010a}%
  \BibitemOpen
  \bibfield  {author} {\bibinfo {author} {\bibfnamefont {S.}~\bibnamefont
  {Jun}}\ and\ \bibinfo {author} {\bibfnamefont {A.}~\bibnamefont {Wright}},\
  }\href {\doibase 10.1038/nrmicro2391} {\bibfield  {journal} {\bibinfo
  {journal} {Nat. Rev. Microbiol.}\ }\textbf {\bibinfo {volume} {8}},\ \bibinfo
  {pages} {600} (\bibinfo {year} {2010})},\ \Eprint
  {http://arxiv.org/abs/NIHMS150003} {arXiv:NIHMS150003} \BibitemShut {NoStop}%
\bibitem [{\citenamefont {Halverson}\ \emph {et~al.}(2014)\citenamefont
  {Halverson}, \citenamefont {Smrek}, \citenamefont {Kremer},\ and\
  \citenamefont {Grosberg}}]{Halverson2014}%
  \BibitemOpen
  \bibfield  {author} {\bibinfo {author} {\bibfnamefont {J.~D.}\ \bibnamefont
  {Halverson}}, \bibinfo {author} {\bibfnamefont {J.}~\bibnamefont {Smrek}},
  \bibinfo {author} {\bibfnamefont {K.}~\bibnamefont {Kremer}}, \ and\ \bibinfo
  {author} {\bibfnamefont {A.~Y.}\ \bibnamefont {Grosberg}},\ }\href {\doibase
  10.1088/0034-4885/77/2/022601} {\bibfield  {journal} {\bibinfo  {journal}
  {Reports Prog. Phys.}\ }\textbf {\bibinfo {volume} {77}},\ \bibinfo {pages}
  {022601} (\bibinfo {year} {2014})},\ \Eprint
  {http://arxiv.org/abs/arXiv:1311.5262v1} {arXiv:arXiv:1311.5262v1}
  \BibitemShut {NoStop}%
\bibitem [{\citenamefont {Giorgetti}\ \emph {et~al.}(2014)\citenamefont
  {Giorgetti}, \citenamefont {Galupa}, \citenamefont {Nora}, \citenamefont
  {Piolot}, \citenamefont {Lam}, \citenamefont {Dekker}, \citenamefont
  {Tiana},\ and\ \citenamefont {Heard}}]{Giorgetti2014}%
  \BibitemOpen
  \bibfield  {author} {\bibinfo {author} {\bibfnamefont {L.}~\bibnamefont
  {Giorgetti}}, \bibinfo {author} {\bibfnamefont {R.}~\bibnamefont {Galupa}},
  \bibinfo {author} {\bibfnamefont {E.~P.}\ \bibnamefont {Nora}}, \bibinfo
  {author} {\bibfnamefont {T.}~\bibnamefont {Piolot}}, \bibinfo {author}
  {\bibfnamefont {F.}~\bibnamefont {Lam}}, \bibinfo {author} {\bibfnamefont
  {J.}~\bibnamefont {Dekker}}, \bibinfo {author} {\bibfnamefont
  {G.}~\bibnamefont {Tiana}}, \ and\ \bibinfo {author} {\bibfnamefont
  {E.}~\bibnamefont {Heard}},\ }\href {\doibase 10.1016/j.cell.2014.03.025}
  {\bibfield  {journal} {\bibinfo  {journal} {Cell}\ }\textbf {\bibinfo
  {volume} {157}},\ \bibinfo {pages} {950} (\bibinfo {year}
  {2014})}\BibitemShut {NoStop}%
\bibitem [{\citenamefont {Sachs}\ \emph {et~al.}(1995)\citenamefont {Sachs},
  \citenamefont {van~den Engh}, \citenamefont {Trask}, \citenamefont {Yokota},\
  and\ \citenamefont {Hearst}}]{Sachs1995}%
  \BibitemOpen
  \bibfield  {author} {\bibinfo {author} {\bibfnamefont {R.~K.}\ \bibnamefont
  {Sachs}}, \bibinfo {author} {\bibfnamefont {G.}~\bibnamefont {van~den Engh}},
  \bibinfo {author} {\bibfnamefont {B.}~\bibnamefont {Trask}}, \bibinfo
  {author} {\bibfnamefont {H.}~\bibnamefont {Yokota}}, \ and\ \bibinfo {author}
  {\bibfnamefont {J.~E.}\ \bibnamefont {Hearst}},\ }\href {\doibase
  10.1073/pnas.92.7.2710} {\bibfield  {journal} {\bibinfo  {journal} {Proc.
  Natl. Acad. Sci.}\ }\textbf {\bibinfo {volume} {92}},\ \bibinfo {pages}
  {2710} (\bibinfo {year} {1995})}\BibitemShut {NoStop}%
\bibitem [{\citenamefont {Ha}\ and\ \citenamefont {Jung}(2015)}]{Ha2015}%
  \BibitemOpen
  \bibfield  {author} {\bibinfo {author} {\bibfnamefont {B.-Y.}\ \bibnamefont
  {Ha}}\ and\ \bibinfo {author} {\bibfnamefont {Y.}~\bibnamefont {Jung}},\
  }\href {\doibase 10.1039/C4SM02734E} {\bibfield  {journal} {\bibinfo
  {journal} {Soft Matter}\ }\textbf {\bibinfo {volume} {11}},\ \bibinfo {pages}
  {2333} (\bibinfo {year} {2015})}\BibitemShut {NoStop}%
\bibitem [{\citenamefont {Mizuguchi}\ \emph {et~al.}(2015)\citenamefont
  {Mizuguchi}, \citenamefont {Barrowman},\ and\ \citenamefont
  {Grewal}}]{Mizuguchi2015a}%
  \BibitemOpen
  \bibfield  {author} {\bibinfo {author} {\bibfnamefont {T.}~\bibnamefont
  {Mizuguchi}}, \bibinfo {author} {\bibfnamefont {J.}~\bibnamefont
  {Barrowman}}, \ and\ \bibinfo {author} {\bibfnamefont {S.~I.}\ \bibnamefont
  {Grewal}},\ }\href {\doibase 10.1016/j.febslet.2015.06.008} {\bibfield
  {journal} {\bibinfo  {journal} {FEBS Lett.}\ }\textbf {\bibinfo {volume}
  {589}},\ \bibinfo {pages} {2975} (\bibinfo {year} {2015})}\BibitemShut
  {NoStop}%
\bibitem [{\citenamefont {de~Gennes}(1979)}]{DeGennes1979}%
  \BibitemOpen
  \bibfield  {author} {\bibinfo {author} {\bibfnamefont {P.-G.~G.}\
  \bibnamefont {de~Gennes}},\ }\href@noop {} {\emph {\bibinfo {title} {{Scaling
  Concepts in Polymer Physics}}}}\ (\bibinfo  {publisher} {Cornell University
  Press},\ \bibinfo {year} {1979})\BibitemShut {NoStop}%
\bibitem [{\citenamefont {Doi}\ and\ \citenamefont {Edwards}(1988)}]{Doi1988}%
  \BibitemOpen
  \bibfield  {author} {\bibinfo {author} {\bibfnamefont {M.}~\bibnamefont
  {Doi}}\ and\ \bibinfo {author} {\bibfnamefont {S.~F.}\ \bibnamefont
  {Edwards}},\ }\href@noop {} {\emph {\bibinfo {title} {{The theory of polymer
  dynamics}}}}\ (\bibinfo  {publisher} {Oxford University Press},\ \bibinfo
  {year} {1988})\BibitemShut {NoStop}%
\bibitem [{\citenamefont {{David Chandler}}(1987)}]{Chandler1987}%
  \BibitemOpen
  \bibfield  {author} {\bibinfo {author} {\bibnamefont {{David Chandler}}},\
  }\href@noop {} {\emph {\bibinfo {title} {{Introduction to modern statistical
  mechanics.}}}},\ Vol.~\bibinfo {volume} {1}\ (\bibinfo  {publisher} {Oxford
  University Press},\ \bibinfo {year} {1987})\BibitemShut {NoStop}%
\bibitem [{\citenamefont {Huang}(1987)}]{Huang1987}%
  \BibitemOpen
  \bibfield  {author} {\bibinfo {author} {\bibfnamefont {K.}~\bibnamefont
  {Huang}},\ }\href@noop {} {\emph {\bibinfo {title} {{Statistical
  Mechanics}}}},\ \bibinfo {edition} {2nd}\ ed.\ (\bibinfo  {publisher} {John
  Wiley {\&} Sons},\ \bibinfo {year} {1987})\ p.\ \bibinfo {pages}
  {493}\BibitemShut {NoStop}%
\bibitem [{\citenamefont {Derrida}(1998)}]{Derrida1998}%
  \BibitemOpen
  \bibfield  {author} {\bibinfo {author} {\bibfnamefont {B.}~\bibnamefont
  {Derrida}},\ }\href {\doibase 10.1016/S0370-1573(98)00006-4} {\bibfield
  {journal} {\bibinfo  {journal} {Phys. Rep.}\ }\textbf {\bibinfo {volume}
  {301}},\ \bibinfo {pages} {65} (\bibinfo {year} {1998})}\BibitemShut
  {NoStop}%
\bibitem [{\citenamefont {Bressloff}\ \emph {et~al.}(2013)\citenamefont
  {Bressloff}, \citenamefont {Newby},\ and\ \citenamefont
  {Derrida}}]{Bressloff2013}%
  \BibitemOpen
  \bibfield  {author} {\bibinfo {author} {\bibfnamefont {P.~C.}\ \bibnamefont
  {Bressloff}}, \bibinfo {author} {\bibfnamefont {J.~M.}\ \bibnamefont
  {Newby}}, \ and\ \bibinfo {author} {\bibfnamefont {B.}~\bibnamefont
  {Derrida}},\ }\href {\doibase 10.1103/RevModPhys.85.135} {\bibfield
  {journal} {\bibinfo  {journal} {Rev. Mod. Phys.}\ }\textbf {\bibinfo {volume}
  {301}},\ \bibinfo {pages} {135} (\bibinfo {year} {2013})}\BibitemShut
  {NoStop}%
\bibitem [{\citenamefont {Sch{\"{u}}tz}(2001)}]{Schutz2001}%
  \BibitemOpen
  \bibfield  {author} {\bibinfo {author} {\bibfnamefont {G.}~\bibnamefont
  {Sch{\"{u}}tz}},\ }in\ \href {\doibase 10.1016/S1062-7901(01)80015-X} {\emph
  {\bibinfo {booktitle} {Phase Transitions Crit. Phenom.}}},\ Vol.~\bibinfo
  {volume} {19}\ (\bibinfo  {publisher} {Academic Press},\ \bibinfo {year}
  {2001})\ pp.\ \bibinfo {pages} {1--251}\BibitemShut {NoStop}%
\bibitem [{\citenamefont {de~Gier}\ and\ \citenamefont
  {Essler}(2005)}]{DeGier2005}%
  \BibitemOpen
  \bibfield  {author} {\bibinfo {author} {\bibfnamefont {J.}~\bibnamefont
  {de~Gier}}\ and\ \bibinfo {author} {\bibfnamefont {F.~H.~L.}\ \bibnamefont
  {Essler}},\ }\href {\doibase 10.1103/PhysRevLett.95.240601} {\bibfield
  {journal} {\bibinfo  {journal} {Phys. Rev. Lett.}\ }\textbf {\bibinfo
  {volume} {95}},\ \bibinfo {pages} {240601} (\bibinfo {year}
  {2005})}\BibitemShut {NoStop}%
\bibitem [{\citenamefont {Simon}(2009)}]{Simon2009}%
  \BibitemOpen
  \bibfield  {author} {\bibinfo {author} {\bibfnamefont {D.}~\bibnamefont
  {Simon}},\ }\href {\doibase 10.1088/1742-5468/2009/07/P07017} {\bibfield
  {journal} {\bibinfo  {journal} {J. Stat. Mech. Theory Exp.}\ }\textbf
  {\bibinfo {volume} {2009}},\ \bibinfo {pages} {P07017} (\bibinfo {year}
  {2009})},\ \Eprint {http://arxiv.org/abs/0903.4968} {arXiv:0903.4968}
  \BibitemShut {NoStop}%
\bibitem [{\citenamefont {Batchelor}(2007)}]{Batchelor2007}%
  \BibitemOpen
  \bibfield  {author} {\bibinfo {author} {\bibfnamefont {M.~T.}\ \bibnamefont
  {Batchelor}},\ }\href {\doibase 10.1063/1.2709557} {\bibfield  {journal}
  {\bibinfo  {journal} {Phys. Today}\ }\textbf {\bibinfo {volume} {60}},\
  \bibinfo {pages} {36} (\bibinfo {year} {2007})}\BibitemShut {NoStop}%
\bibitem [{\citenamefont {Gillespie}(1976)}]{Gillespie1976}%
  \BibitemOpen
  \bibfield  {author} {\bibinfo {author} {\bibfnamefont {D.~T.}\ \bibnamefont
  {Gillespie}},\ }\href {\doibase 10.1016/0021-9991(76)90041-3} {\bibfield
  {journal} {\bibinfo  {journal} {J. Comput. Phys.}\ }\textbf {\bibinfo
  {volume} {22}},\ \bibinfo {pages} {403} (\bibinfo {year} {1976})}\BibitemShut
  {NoStop}%
\bibitem [{\citenamefont {Cruz}\ \emph {et~al.}(2012)\citenamefont {Cruz},
  \citenamefont {Chinesta},\ and\ \citenamefont {R{\'{e}}gnier}}]{Cruz2012}%
  \BibitemOpen
  \bibfield  {author} {\bibinfo {author} {\bibfnamefont {C.}~\bibnamefont
  {Cruz}}, \bibinfo {author} {\bibfnamefont {F.}~\bibnamefont {Chinesta}}, \
  and\ \bibinfo {author} {\bibfnamefont {G.}~\bibnamefont {R{\'{e}}gnier}},\
  }\href {\doibase 10.1007/s11831-012-9072-2} {\bibfield  {journal} {\bibinfo
  {journal} {Arch. Comput. Methods Eng.}\ }\textbf {\bibinfo {volume} {19}},\
  \bibinfo {pages} {227} (\bibinfo {year} {2012})}\BibitemShut {NoStop}%
\bibitem [{\citenamefont {Somasi}\ \emph {et~al.}(2002)\citenamefont {Somasi},
  \citenamefont {Khomami}, \citenamefont {Woo}, \citenamefont {Hur},\ and\
  \citenamefont {Shaqfeh}}]{Somasi2002}%
  \BibitemOpen
  \bibfield  {author} {\bibinfo {author} {\bibfnamefont {M.}~\bibnamefont
  {Somasi}}, \bibinfo {author} {\bibfnamefont {B.}~\bibnamefont {Khomami}},
  \bibinfo {author} {\bibfnamefont {N.~J.}\ \bibnamefont {Woo}}, \bibinfo
  {author} {\bibfnamefont {J.~S.}\ \bibnamefont {Hur}}, \ and\ \bibinfo
  {author} {\bibfnamefont {E.~S.}\ \bibnamefont {Shaqfeh}},\ }\href {\doibase
  10.1016/S0377-0257(02)00132-5} {\bibfield  {journal} {\bibinfo  {journal} {J.
  Nonnewton. Fluid Mech.}\ }\textbf {\bibinfo {volume} {108}},\ \bibinfo
  {pages} {227} (\bibinfo {year} {2002})}\BibitemShut {NoStop}%
\bibitem [{\citenamefont {Ding}\ \emph {et~al.}(2004)\citenamefont {Ding},
  \citenamefont {Yamamoto}, \citenamefont {Haraguchi},\ and\ \citenamefont
  {Hiraoka}}]{Ding2004}%
  \BibitemOpen
  \bibfield  {author} {\bibinfo {author} {\bibfnamefont {D.-Q.}\ \bibnamefont
  {Ding}}, \bibinfo {author} {\bibfnamefont {A.}~\bibnamefont {Yamamoto}},
  \bibinfo {author} {\bibfnamefont {T.}~\bibnamefont {Haraguchi}}, \ and\
  \bibinfo {author} {\bibfnamefont {Y.}~\bibnamefont {Hiraoka}},\ }\href
  {\doibase 10.1016/S1534-5807(04)00059-0} {\bibfield  {journal} {\bibinfo
  {journal} {Dev. Cell}\ }\textbf {\bibinfo {volume} {6}},\ \bibinfo {pages}
  {329} (\bibinfo {year} {2004})}\BibitemShut {NoStop}%
\bibitem [{\citenamefont {Vogel}\ \emph {et~al.}(2009)\citenamefont {Vogel},
  \citenamefont {Pavin}, \citenamefont {Maghelli}, \citenamefont
  {J{\"{u}}licher},\ and\ \citenamefont
  {Toli{\'{c}}-N{\o}rrelykke}}]{Vogel2009}%
  \BibitemOpen
  \bibfield  {author} {\bibinfo {author} {\bibfnamefont {S.~K.}\ \bibnamefont
  {Vogel}}, \bibinfo {author} {\bibfnamefont {N.}~\bibnamefont {Pavin}},
  \bibinfo {author} {\bibfnamefont {N.}~\bibnamefont {Maghelli}}, \bibinfo
  {author} {\bibfnamefont {F.}~\bibnamefont {J{\"{u}}licher}}, \ and\ \bibinfo
  {author} {\bibfnamefont {I.~M.}\ \bibnamefont {Toli{\'{c}}-N{\o}rrelykke}},\
  }\href {\doibase 10.1371/journal.pbio.1000087} {\bibfield  {journal}
  {\bibinfo  {journal} {PLoS Biol.}\ }\textbf {\bibinfo {volume} {7}},\
  \bibinfo {pages} {e1000087} (\bibinfo {year} {2009})}\BibitemShut {NoStop}%
\bibitem [{\citenamefont {Koszul}\ and\ \citenamefont
  {Kleckner}(2009)}]{Koszul2009a}%
  \BibitemOpen
  \bibfield  {author} {\bibinfo {author} {\bibfnamefont {R.}~\bibnamefont
  {Koszul}}\ and\ \bibinfo {author} {\bibfnamefont {N.}~\bibnamefont
  {Kleckner}},\ }\href {\doibase 10.1016/j.tcb.2009.09.007} {\bibfield
  {journal} {\bibinfo  {journal} {Trends Cell Biol.}\ }\textbf {\bibinfo
  {volume} {19}},\ \bibinfo {pages} {716} (\bibinfo {year} {2009})},\ \Eprint
  {http://arxiv.org/abs/NIHMS150003} {arXiv:NIHMS150003} \BibitemShut {NoStop}%
\bibitem [{\citenamefont {Lawler}\ and\ \citenamefont
  {Limic}(2010)}]{Lawler2010}%
  \BibitemOpen
  \bibfield  {author} {\bibinfo {author} {\bibfnamefont {G.~F.}\ \bibnamefont
  {Lawler}}\ and\ \bibinfo {author} {\bibfnamefont {V.}~\bibnamefont {Limic}},\
  }\href {\doibase 10.1017/CBO9780511750854} {\emph {\bibinfo {title} {{Random
  Walk: A Modern Introduction}}}}\ (\bibinfo  {publisher} {Cambridge University
  Press},\ \bibinfo {address} {Cambridge},\ \bibinfo {year} {2010})\BibitemShut
  {NoStop}%
\bibitem [{\citenamefont {Kovalenko}(1968)}]{Feller2008}%
  \BibitemOpen
  \bibfield  {author} {\bibinfo {author} {\bibfnamefont {I.}~\bibnamefont
  {Kovalenko}},\ }\href {\doibase 10.1016/0041-5553(68)90030-X} {\bibfield
  {journal} {\bibinfo  {journal} {USSR Comput. Math. Math. Phys.}\ }\textbf
  {\bibinfo {volume} {8}},\ \bibinfo {pages} {353} (\bibinfo {year}
  {1968})}\BibitemShut {NoStop}%
\bibitem [{\citenamefont {Athreya}\ and\ \citenamefont
  {Lahiri}(2006)}]{Athreya2006}%
  \BibitemOpen
  \bibfield  {author} {\bibinfo {author} {\bibfnamefont {K.~B.}\ \bibnamefont
  {Athreya}}\ and\ \bibinfo {author} {\bibfnamefont {S.~N.}\ \bibnamefont
  {Lahiri}},\ }\href@noop {} {\emph {\bibinfo {title} {{Measure Theory and
  Probability Theory}}}}\ (\bibinfo  {publisher} {Springer},\ \bibinfo {year}
  {2006})\BibitemShut {NoStop}%
\bibitem [{\citenamefont {Sander}(2009)}]{Sander2009}%
  \BibitemOpen
  \bibfield  {author} {\bibinfo {author} {\bibfnamefont {L.~M.}\ \bibnamefont
  {Sander}},\ }\href {https://books.google.de/books?id={\_}A7FexiuAm8C} {\emph
  {\bibinfo {title} {{Advanced Condensed Matter Physics}}}}\ (\bibinfo
  {publisher} {Cambridge University Press},\ \bibinfo {year}
  {2009})\BibitemShut {NoStop}%
\bibitem [{\citenamefont {Andrews}(1998)}]{Andrews1998}%
  \BibitemOpen
  \bibfield  {author} {\bibinfo {author} {\bibfnamefont {G.~E.}\ \bibnamefont
  {Andrews}},\ }\href {https://books.google.de/books?id=Sp7z9sK7RNkC} {\emph
  {\bibinfo {title} {{The Theory of Partitions}}}},\ Cambridge mathematical
  library\ (\bibinfo  {publisher} {Cambridge University Press},\ \bibinfo
  {year} {1998})\BibitemShut {NoStop}%
\bibitem [{\citenamefont {Sandow}\ and\ \citenamefont
  {Sch{\"{u}}tz}(1994)}]{Sandow1994}%
  \BibitemOpen
  \bibfield  {author} {\bibinfo {author} {\bibfnamefont {S.}~\bibnamefont
  {Sandow}}\ and\ \bibinfo {author} {\bibfnamefont {G.}~\bibnamefont
  {Sch{\"{u}}tz}},\ }\href {\doibase 10.1209/0295-5075/26/1/002} {\bibfield
  {journal} {\bibinfo  {journal} {Europhys. Lett.}\ }\textbf {\bibinfo {volume}
  {26}},\ \bibinfo {pages} {7} (\bibinfo {year} {1994})}\BibitemShut {NoStop}%
\bibitem [{\citenamefont {Mallick}(2011)}]{Mallick2011}%
  \BibitemOpen
  \bibfield  {author} {\bibinfo {author} {\bibfnamefont {K.}~\bibnamefont
  {Mallick}},\ }\href {\doibase 10.1088/1742-5468/2011/01/P01024} {\bibfield
  {journal} {\bibinfo  {journal} {J. Stat. Mech. Theory Exp.}\ }\textbf
  {\bibinfo {volume} {2011}},\ \bibinfo {pages} {P01024} (\bibinfo {year}
  {2011})},\ \Eprint {http://arxiv.org/abs/arXiv:1101.2849v1}
  {arXiv:arXiv:1101.2849v1} \BibitemShut {NoStop}%
\bibitem [{\citenamefont {Brattain}\ \emph {et~al.}(2015)\citenamefont
  {Brattain}, \citenamefont {Do},\ and\ \citenamefont {Saenz}}]{Brattain2015}%
  \BibitemOpen
  \bibfield  {author} {\bibinfo {author} {\bibfnamefont {E.}~\bibnamefont
  {Brattain}}, \bibinfo {author} {\bibfnamefont {N.}~\bibnamefont {Do}}, \ and\
  \bibinfo {author} {\bibfnamefont {A.}~\bibnamefont {Saenz}},\ }\href
  {http://arxiv.org/abs/1511.03762} {\ ,\ \bibinfo {pages} {1} (\bibinfo {year}
  {2015})},\ \Eprint {http://arxiv.org/abs/1511.03762} {arXiv:1511.03762}
  \BibitemShut {NoStop}%
\bibitem [{\citenamefont {Lizana}\ and\ \citenamefont
  {Ambj{\"{o}}rnsson}(2008)}]{Lizana2008}%
  \BibitemOpen
  \bibfield  {author} {\bibinfo {author} {\bibfnamefont {L.}~\bibnamefont
  {Lizana}}\ and\ \bibinfo {author} {\bibfnamefont {T.}~\bibnamefont
  {Ambj{\"{o}}rnsson}},\ }\href {\doibase 10.1103/PhysRevLett.100.200601}
  {\bibfield  {journal} {\bibinfo  {journal} {Phys. Rev. Lett.}\ }\textbf
  {\bibinfo {volume} {100}},\ \bibinfo {pages} {200601} (\bibinfo {year}
  {2008})}\BibitemShut {NoStop}%
\bibitem [{\citenamefont {Barkai}\ and\ \citenamefont
  {Silbey}(2009)}]{Barkai2009}%
  \BibitemOpen
  \bibfield  {author} {\bibinfo {author} {\bibfnamefont {E.}~\bibnamefont
  {Barkai}}\ and\ \bibinfo {author} {\bibfnamefont {R.}~\bibnamefont
  {Silbey}},\ }\href {\doibase 10.1103/PhysRevLett.102.050602} {\bibfield
  {journal} {\bibinfo  {journal} {Phys. Rev. Lett.}\ }\textbf {\bibinfo
  {volume} {102}},\ \bibinfo {pages} {050602} (\bibinfo {year}
  {2009})}\BibitemShut {NoStop}%
\bibitem [{\citenamefont {Golinelli}\ and\ \citenamefont
  {Mallick}(2006)}]{Golinelli2006}%
  \BibitemOpen
  \bibfield  {author} {\bibinfo {author} {\bibfnamefont {O.}~\bibnamefont
  {Golinelli}}\ and\ \bibinfo {author} {\bibfnamefont {K.}~\bibnamefont
  {Mallick}},\ }\href {\doibase 10.1088/0305-4470/39/41/S03} {\bibfield
  {journal} {\bibinfo  {journal} {J. Phys. A. Math. Gen.}\ }\textbf {\bibinfo
  {volume} {39}},\ \bibinfo {pages} {12679} (\bibinfo {year} {2006})},\ \Eprint
  {http://arxiv.org/abs/0611701} {arXiv:0611701 [cond-mat]} \BibitemShut
  {NoStop}%
\bibitem [{\citenamefont {Lazarescu}(2015)}]{Lazarescu2015a}%
  \BibitemOpen
  \bibfield  {author} {\bibinfo {author} {\bibfnamefont {A.}~\bibnamefont
  {Lazarescu}},\ }\href {\doibase 10.1088/1751-8113/48/50/503001} {\bibfield
  {journal} {\bibinfo  {journal} {J. Phys. A Math. Theor.}\ }\textbf {\bibinfo
  {volume} {48}},\ \bibinfo {pages} {503001} (\bibinfo {year} {2015})},\
  \Eprint {http://arxiv.org/abs/1507.04179} {arXiv:1507.04179} \BibitemShut
  {NoStop}%
\end{thebibliography}%
