
\bibitem{Morgan2007}
D~O Morgan.
\newblock {\em {The Cell Cycle: Principles of Control}}.
\newblock Primers in Biology. OUP/New Science Press, 2007.

\bibitem{Asakawa2007}
Haruhiko Asakawa, Tokuko Haraguchi, and Yasushi Hiraoka.
\newblock {Reconstruction of the kinetochore: a prelude to meiosis}.
\newblock {\em Cell Div.}, 2(1):17, 2007.

\bibitem{Chacon2016}
Mariola~R. Chac{\'{o}}n, Petrina Delivani, and Iva~M. Toli{\'{c}}.
\newblock {Meiotic Nuclear Oscillations Are Necessary to Avoid Excessive
  Chromosome Associations}.
\newblock {\em Cell Rep.}, 17(6):1632--1645, nov 2016.

\bibitem{Brochard-Wyart1995}
F.~Brochard-Wyart.
\newblock {Polymer Chains Under Strong Flows: Stems and Flowers}.
\newblock {\em Europhys. Lett.}, 30(7):387--392, jun 1995.

\bibitem{Vogel2009}
Sven~K Vogel, Nenad Pavin, Nicola Maghelli, Frank J{\"{u}}licher, and Iva~M
  Toli{\'{c}}-N{\o}rrelykke.
\newblock {Self-Organization of Dynein Motors Generates Meiotic Nuclear
  Oscillations}.
\newblock {\em PLoS Biol.}, 7(4):e1000087, apr 2009.

\bibitem{Macdonald1968}
Carolyn~T. MacDonald, Julian~H. Gibbs, and Allen~C. Pipkin.
\newblock {Kinetics of Biopolymerization}.
\newblock {\em Biopolymers}, 6:1--25, 1968.

\bibitem{Bressloff2013}
Paul~C. Bressloff, Jay~M. Newby, and B.~Derrida.
\newblock {Stochastic models of intracellular transport}.
\newblock {\em Rev. Mod. Phys.}, 301(1-3):135--196, 2013.

\bibitem{Chou2011}
T~Chou, K~Mallick, and R~K~P Zia.
\newblock {Non-equilibrium statistical mechanics: from a paradigmatic model to
  biological transport}.
\newblock {\em Reports Prog. Phys.}, 74(11):116601, nov 2011.

\bibitem{Berryman1992}
Alan~A Berryman.
\newblock {The Orgins and Evolution of Predator-Prey Theory}.
\newblock {\em Ecology}, 73(5):1530--1535, oct 1992.

\bibitem{Butler2009}
Thomas Butler and Nigel Goldenfeld.
\newblock {Robust ecological pattern formation induced by demographic noise}.
\newblock {\em Phys. Rev. E}, 80(3):030902, sep 2009.

\bibitem{Sugihara2012}
G.~Sugihara, R.~May, H.~Ye, C.-h. Hsieh, E.~Deyle, M.~Fogarty, and S.~Munch.
\newblock {Detecting Causality in Complex Ecosystems}.
\newblock {\em Science (80-. ).}, 338(6106):496--500, oct 2012.

\bibitem{Williams2016a}
Jennifer~L Williams, Bruce~E Kendall, and Jonathan~M Levine.
\newblock {Rapid evolution accelerates plant population spread in fragmented
  experimental landscapes}.
\newblock {\em Science (80-. ).}, 353(6298):482--485, jul 2016.

\bibitem{Chikashige1994}
Y~Chikashige, D.~Ding, H~Funabiki, T~Haraguchi, S~Mashiko, M~Yanagida, and
  Y~Hiraoka.
\newblock {Telomere-led premeiotic chromosome movement in fission yeast}.
\newblock {\em Science (80-. ).}, 264(5156):270--273, apr 1994.

\bibitem{Shibuya2014}
Hiroki Shibuya, Akihiro Morimoto, and Yoshinori Watanabe.
\newblock {The Dissection of Meiotic Chromosome Movement in Mice Using an In
  Vivo Electroporation Technique}.
\newblock {\em PLoS Genet.}, 10(12):e1004821, 2014.

\bibitem{Yamamoto2001}
A~Yamamoto, C~Tsutsumi, H~Kojima, K~Oiwa, and Y~Hiraoka.
\newblock {Dynamic Behavior of Microtubules during Dynein-dependent Nuclear
  Migrations of Meiotic Prophase in Fission Yeast}.
\newblock {\em Mol. Biol. Cell}, 12(12):3933--3946, dec 2001.

\bibitem{Ding2004}
Da-Qiao Ding, Ayumu Yamamoto, Tokuko Haraguchi, and Yasushi Hiraoka.
\newblock {Dynamics of Homologous Chromosome Pairing during Meiotic Prophase in
  Fission Yeast}.
\newblock {\em Dev. Cell}, 6(3):329--341, mar 2004.

\bibitem{Gerton2005}
Jennifer~L Gerton and R~Scott Hawley.
\newblock {Homologous chromosome interactions in meiosis: diversity amidst
  conservation}.
\newblock {\em Nat. Rev. Genet.}, 6(6):477--487, jun 2005.

\bibitem{DeGennes1979}
Pierre-Gilles~G de~Gennes.
\newblock {\em {Scaling Concepts in Polymer Physics}}.
\newblock Cornell University Press, 1979.

\bibitem{Doi1988}
M.~Doi and S.~F. Edwards.
\newblock {\em {The theory of polymer dynamics}}.
\newblock Oxford University Press, 1988.

\bibitem{Lin2015}
Yen~Ting Lin, Daniela Fr{\"{o}}mberg, Wenwen Huang, Petrina Delivani, Mariola
  Chac{\'{o}}n, Iva~M. Toli{\'{c}}, Frank J{\"{u}}licher, and Vasily Zaburdaev.
\newblock {Pulled Polymer Loops as a Model for the Alignment of Meiotic
  Chromosomes}.
\newblock {\em Phys. Rev. Lett.}, 115(20):208102, nov 2015.

\bibitem{Forsburg2003}
Susan~L Forsburg.
\newblock {Overview of Schizosaccharomyces pombe}.
\newblock In {\em Curr. Protoc. Mol. Biol.}, volume Chapter 13, page Unit
  13.14. 2003.

\bibitem{Fantes2016}
Peter~A. Fantes and Charles~S. Hoffman.
\newblock {A Brief History of Schizosaccharomyces pombe Research: A Perspective
  Over the Past 70 Years}.
\newblock {\em Genetics}, 203(2):621--629, jun 2016.

\bibitem{Hoffman2015}
Charles~S. Hoffman, Valerie Wood, and Peter~A. Fantes.
\newblock {An Ancient Yeast for Young Geneticists: A Primer on the
  Schizosaccharomyces pombe Model System}.
\newblock {\em Genetics}, 201(2):403--423, oct 2015.

\bibitem{Wood2002}
V.~Wood, R.~Gwilliam, M.-A. Rajandream, M.~Lyne, R.~Lyne, A.~Stewart,
  J.~Sgouros, N.~Peat, J.~Hayles, S.~Baker, D.~Basham, S.~Bowman, K.~Brooks,
  D.~Brown, S.~Brown, T.~Chillingworth, C.~Churcher, M.~Collins, R.~Connor,
  A.~Cronin, P.~Davis, T.~Feltwell, A.~Fraser, S.~Gentles, A.~Goble, N.~Hamlin,
  D.~Harris, J.~Hidalgo, G.~Hodgson, S.~Holroyd, T.~Hornsby, S.~Howarth, E.~J.
  Huckle, S.~Hunt, K.~Jagels, K.~James, L.~Jones, M.~Jones, S.~Leather,
  S.~McDonald, J.~McLean, P.~Mooney, S.~Moule, K.~Mungall, L.~Murphy,
  D.~Niblett, C.~Odell, K.~Oliver, S.~O'Neil, D.~Pearson, M.~A. Quail,
  E.~Rabbinowitsch, K.~Rutherford, S.~Rutter, D.~Saunders, K.~Seeger, S.~Sharp,
  J.~Skelton, M.~Simmonds, R.~Squares, S.~Squares, K.~Stevens, K.~Taylor, R.~G.
  Taylor, A.~Tivey, S.~Walsh, T.~Warren, S.~Whitehead, J.~Woodward,
  G.~Volckaert, R.~Aert, J.~Robben, B.~Grymonprez, I.~Weltjens, E.~Vanstreels,
  M.~Rieger, M.~Sch{\"{a}}fer, S.~M{\"{u}}ller-Auer, C.~Gabel, M.~Fuchs,
  C.~Fritzc, E.~Holzer, D.~Moestl, H.~Hilbert, K.~Borzym, I.~Langer, A.~Beck,
  H.~Lehrach, R.~Reinhardt, T.~M. Pohl, P.~Eger, W.~Zimmermann, H.~Wedler,
  R.~Wambutt, B.~Purnelle, A.~Goffeau, E.~Cadieu, S.~Dr{\'{e}}ano, S.~Gloux,
  V.~Lelaure, S.~Mottier, F.~Galibert, S.~J. Aves, Z.~Xiang, C.~Hunt, K.~Moore,
  S.~M. Hurst, M.~Lucas, M.~Rochet, C.~Gaillardin, V.~A. Tallada, A.~Garzon,
  G.~Thode, R.~R. Daga, L.~Cruzado, J.~Jimenez, M.~S{\'{a}}nchez, F.~del Rey,
  J.~Benito, A.~Dom{\'{i}}nguez, J.~L. Revuelta, S.~Moreno, J.~Armstrong, S.~L.
  Forsburg, L.~Cerrutti, T.~Lowe, W.~R. McCombie, I.~Paulsen, J.~Potashkin,
  G.~V. Shpakovski, D.~Ussery, B.~G. Barrell, and P.~Nurse.
\newblock {The genome sequence of Schizosaccharomyces pombe}.
\newblock {\em Nature}, 415(6874):871--880, feb 2002.

\bibitem{Coelho2013}
Miguel Coelho, Ayg{\"{u}}l Dereli, Anett Haese, Sebastian K{\"{u}}hn, Liliana
  Malinovska, Morgan~E. DeSantis, James Shorter, Simon Alberti, Thilo Gross,
  and Iva~M. Toli{\'{c}}-N{\o}rrelykke.
\newblock {Fission Yeast Does Not Age under Favorable Conditions, but Does So
  after Stress}.
\newblock {\em Curr. Biol.}, 23(19):1844--1852, oct 2013.

\bibitem{Freeman2008}
S~Freeman.
\newblock {\em {Biological Science}}.
\newblock Pearson/Benjamin Cummings, 2008.

\bibitem{Villeneuve2001a}
a~M Villeneuve and K~J Hillers.
\newblock {Whence meiosis?}
\newblock {\em Cell}, 106(6):647--650, 2001.

\bibitem{Wegener1980a}
David~M. Richards, Emma Greer, Azahara~C. Martin, Graham Moore, Peter~J. Shaw,
  and Martin Howard.
\newblock {Quantitative Dynamics of Telomere Bouquet Formation}.
\newblock {\em PLoS Comput. Biol.}, 8(12):e1002812, dec 2012.

\bibitem{Davis2001}
L~Davis and G~R Smith.
\newblock {Meiotic recombination and chromosome segregation in
  Schizosaccharomyces pombe}.
\newblock {\em Proc. Natl. Acad. Sci.}, 98(15):8395--8402, jul 2001.

\bibitem{Niwa2000}
Osami Niwa, Mizuki Shimanuki, and Futaba Miki.
\newblock {Telomere-led bouquet formation facilitates homologous chromosome
  pairing and restricts ectopic interaction in fission yeast meiosis}.
\newblock {\em EMBO J.}, 19(14):3831--3840, jul 2000.

\bibitem{Ding1998}
D~Q Ding, Y~Chikashige, T~Haraguchi, and Y~Hiraoka.
\newblock {Oscillatory nuclear movement in fission yeast meiotic prophase is
  driven by astral microtubules, as revealed by continuous observation of
  chromosomes and microtubules in living cells}.
\newblock {\em J. Cell Sci.}, 111 ( Pt 6:701--12, mar 1998.

\bibitem{Wells2006}
Jennifer~L. Wells, David~W. Pryce, and Ramsay~J. McFarlane.
\newblock {Homologous chromosome pairing inSchizosaccharomyces pombe}.
\newblock {\em Yeast}, 23(13):977--989, oct 2006.

\bibitem{Koszul2009a}
Romain Koszul and Nancy Kleckner.
\newblock {Dynamic chromosome movements during meiosis: a way to eliminate
  unwanted connections?}
\newblock {\em Trends Cell Biol.}, 19(12):716--724, 2009.

\bibitem{Wong2013}
Hua Wong, Jean-michel Arbona, and Christophe Zimmer.
\newblock {How to build a yeast nucleus}.
\newblock {\em Nucleus}, 4(5):361--366, sep 2013.

\bibitem{Tree2013}
Douglas~R. Tree, Abhiram Muralidhar, Patrick~S. Doyle, and Kevin~D. Dorfman.
\newblock {Is DNA a Good Model Polymer}.
\newblock {\em Macromolecules}, 46(20):8369--8382, oct 2013.

\bibitem{Halverson2014}
Jonathan~D Halverson, Jan Smrek, Kurt Kremer, and Alexander~Y Grosberg.
\newblock {From a melt of rings to chromosome territories: the role of
  topological constraints in genome folding}.
\newblock {\em Reports Prog. Phys.}, 77(2):022601, feb 2014.

\bibitem{Jun2010a}
Suckjoon Jun and Andrew Wright.
\newblock {Entropy as the driver of chromosome segregation}.
\newblock {\em Nat. Rev. Microbiol.}, 8(8):600--607, 2010.

\bibitem{Richter2015}
D.~Richter, S.~Goo{\ss}en, and A.~Wischnewski.
\newblock {Celebrating Soft Matter's 10th Anniversary: Topology matters:
  structure and dynamics of ring polymers}.
\newblock {\em Soft Matter}, 11(44):8535--8549, 2015.

\bibitem{Kramers1946}
H.~A. Kramers.
\newblock {The Behavior of Macromolecules in Inhomogeneous Flow}.
\newblock {\em J. Chem. Phys.}, 14(7):415--424, jul 1946.

\bibitem{Zimm1949}
Bruno~H. Zimm and Walter~H. Stockmayer.
\newblock {The Dimensions of Chain Molecules Containing Branches and Rings}.
\newblock {\em J. Chem. Phys.}, 17(12):1301--1314, 1949.

\bibitem{Casassa1965}
Edward~F. Casassa.
\newblock {Some statistical properties of flexible ring polymers}.
\newblock {\em J. Polym. Sci. Part A Gen. Pap.}, 3(2):605--614, feb 1965.

\bibitem{Burchard1980}
W~BURCHARD and M~SCHMIDT.
\newblock {Static and dynamic structure factors calculated for flexible ring
  macromolecules}.
\newblock {\em Polymer (Guildf).}, 21(7):745--749, jul 1980.

\bibitem{Baumgartner1982a}
A.~Baumg$\backslash$"{\{}o{\}}rtner.
\newblock {Statistics of self-avoiding ring polymers}.
\newblock {\em J. Chem. Phys.}, 76(8):4275, nov 1982.

\bibitem{Cates1986}
M.E. Cates and J.M. Deutsch.
\newblock {Conjectures on the statistics of ring polymers}.
\newblock {\em J. Phys.}, 47(12):2121--2128, 1986.

\bibitem{Obukhov1994}
Sergei~P. Obukhov, Michael Rubinstein, and Thomas Duke.
\newblock {Dynamics of a Ring Polymer in a Gel}.
\newblock {\em Phys. Rev. Lett.}, 73(9):1263--1266, aug 1994.

\bibitem{Carl1995}
Wilfried Carl.
\newblock {Configurational and rheological properties of cyclic polymers}.
\newblock {\em J. Chem. Soc. Farday Trans.}, 91(16):2525--2530, 1995.

\bibitem{Carl1996}
W.~Carl.
\newblock {Some aspects of theory and simulations of polymers in steady flows}.
\newblock {\em Macromol. Theory Simulations}, 5(1):1--27, 1996.

\bibitem{Panyukov2001}
Sergey Panyukov and Yitzhak Rabin.
\newblock {Fluctuating elastic rings: Statics and dynamics}.
\newblock {\em Phys. Rev. E}, 64(1):011909, jun 2001.

\bibitem{Mukherji2008}
Debashish Mukherji, Guido Bartels, and Martin~H. M{\"{u}}ser.
\newblock {Scaling laws of single polymer dynamics near attractive surfaces}.
\newblock {\em Phys. Rev. Lett.}, 100(February):1--4, 2008.

\bibitem{Sakaue2011}
Takahiro Sakaue.
\newblock {Ring polymers in melts and solutions: Scaling and crossover}.
\newblock {\em Phys. Rev. Lett.}, 106(April):1--4, 2011.

\bibitem{Sakaue2012}
Takahiro Sakaue.
\newblock {Statistics and geometrical picture of ring polymer melts and
  solutions}.
\newblock {\em Phys. Rev. E}, 85(2):021806, feb 2012.

\bibitem{Kim2012}
Jaeup~U. Kim, Yong-Biao Yang, and Won~Bo Lee.
\newblock {Self-Consistent Field Theory of Gaussian Ring Polymers}.
\newblock {\em Macromolecules}, 45(7):3263--3269, apr 2012.

\bibitem{Reigh2013}
Shang~Yik Reigh and Do~Y. Yoon.
\newblock {Concentration Dependence of Ring Polymer Conformations from Monte
  Carlo Simulations}.
\newblock {\em ACS Macro Lett.}, 2(4):296--300, apr 2013.

\bibitem{Lang2014b}
Philipp~S. Lang, Benedikt Obermayer, and Erwin Frey.
\newblock {Dynamics of a semiflexible polymer or polymer ring in shear flow}.
\newblock {\em Phys. Rev. E}, 89(2):022606, feb 2014.

\bibitem{Rosa2008}
Angelo Rosa and Ralf Everaers.
\newblock {Structure and Dynamics of Interphase Chromosomes}.
\newblock {\em PLoS Comput. Biol.}, 4(8):e1000153, aug 2008.

\bibitem{Rosa2014b}
Angelo Rosa and Ralf Everaers.
\newblock {Ring Polymers in the Melt State: The Physics of Crumpling}.
\newblock {\em Phys. Rev. Lett.}, 112(11):118302, mar 2014.

\bibitem{Dorier2009}
Julien Dorier and Andrzej Stasiak.
\newblock {Topological origins of chromosomal territories}.
\newblock {\em Nucleic Acids Res.}, 37(19):6316--6322, oct 2009.

\bibitem{Sachs1995}
R~K Sachs, G~van~den Engh, B~Trask, H~Yokota, and J~E Hearst.
\newblock {A random-walk/giant-loop model for interphase chromosomes.}
\newblock {\em Proc. Natl. Acad. Sci.}, 92(7):2710--2714, mar 1995.

\bibitem{Marko2009}
John~F Marko.
\newblock {Linking topology of tethered polymer rings with applications to
  chromosome segregation and estimation of the knotting length}.
\newblock {\em Phys. Rev. E}, 79(5):051905, may 2009.

\bibitem{Rosa2010}
Angelo Rosa, Nils~B Becker, and Ralf Everaers.
\newblock {Looping probabilities in model interphase chromosomes.}
\newblock {\em Biophys. J.}, 98(11):2410--9, jun 2010.

\bibitem{Zhang2011a}
Yang Zhang and Dieter~W. Heermann.
\newblock {Loops determine the mechanical properties of mitotic chromosomes}.
\newblock {\em PLoS One}, 6(12):e29225, dec 2011.

\bibitem{Wong2012}
Hua Wong, Herv{\'{e}} Marie-Nelly, S{\'{e}}bastien Herbert, Pascal Carrivain,
  Herv{\'{e}} Blanc, Romain Koszul, Emmanuelle Fabre, and Christophe Zimmer.
\newblock {A Predictive Computational Model of the Dynamic 3D Interphase Yeast
  Nucleus}.
\newblock {\em Curr. Biol.}, 22(20):1881--1890, oct 2012.

\bibitem{Dekker2013}
Job Dekker, Marc~a Marti-Renom, and Leonid~a Mirny.
\newblock {Exploring the three-dimensional organization of genomes:
  interpreting chromatin interaction data}.
\newblock {\em Nat. Rev. Genet.}, 14(6):390--403, may 2013.

\bibitem{Giorgetti2014}
Luca Giorgetti, Rafael Galupa, Elph{\`{e}}ge~P Nora, Tristan Piolot, France
  Lam, Job Dekker, Guido Tiana, and Edith Heard.
\newblock {Predictive polymer modeling reveals coupled fluctuations in
  chromosome conformation and transcription.}
\newblock {\em Cell}, 157(4):950--63, may 2014.

\bibitem{Youngren2014}
Brenda Youngren, Henrik~J{\"{o}}rk Nielsen, Suckjoon Jun, and Stuart Austin.
\newblock {The multifork Escherichia coli chromosome is a self-duplicating and
  self-segregating thermodynamic ring polymer}.
\newblock {\em Genes Dev.}, 28:71--84, 2014.

\bibitem{Fritsche2011}
Miriam Fritsche and Dieter~W. Heermann.
\newblock {Confinement driven spatial organization of semiflexible ring
  polymers: Implications for biopolymer packaging}.
\newblock {\em Soft Matter}, 7(15):6906, 2011.

\bibitem{Ha2015}
Bae-Yeun Ha and Youngkyun Jung.
\newblock {Polymers under confinement: single polymers, how they interact, and
  as model chromosomes}.
\newblock {\em Soft Matter}, 11(12):2333--2352, 2015.

\bibitem{Tead1992}
S.~F. Tead, E.~J. Kramer, G.~Hadziioannou, M.~Antonietti, H.~Sillescu, P.~Lutz,
  and C.~Strazielle.
\newblock {Polymer topology and diffusion: a comparison of diffusion in linear
  and cyclic macromolecules}.
\newblock {\em Macromolecules}, 25(15):3942--3947, jul 1992.

\bibitem{Kapnistos2008}
M~Kapnistos, M~Lang, D~Vlassopoulos, W~Pyckhout-Hintzen, D~Richter, D~Cho,
  T~Chang, and M~Rubinstein.
\newblock {Unexpected power-law stress relaxation of entangled ring polymers}.
\newblock {\em Nat. Mater.}, 7(12):997--1002, dec 2008.

\bibitem{Witz2008}
Guillaume Witz, Kristian Rechendorff, Jozef Adamcik, and Giovanni Dietler.
\newblock {Conformation of circular DNA in two dimensions}.
\newblock {\em Phys. Rev. Lett.}, 101(14):3--6, 2008.

\bibitem{Witz2011}
G.~Witz, K.~Rechendorff, J.~Adamcik, and G.~Dietler.
\newblock {Conformation of ring polymers in 2D constrained environments}.
\newblock {\em Phys. Rev. Lett.}, 106(June):2--5, 2011.

\bibitem{goossen2014}
S~Goo{\ss}en, ARE Br{\'{a}}s, M~Krutyeva, M~Sharp, P~Falus, A~Feoktystov,
  U~Gasser, W.~Pyckhout-Hintzen, A~Wischnewski, and D~Richter.
\newblock {Molecular Scale Dynamics of Large Ring Polymers}.
\newblock {\em Phys. Rev. Lett.}, 113(16):168302, oct 2014.

\bibitem{Goossen2015}
Sebastian Goo{\ss}en, Margarita Krutyeva, Melissa Sharp, Artem Feoktystov,
  J{\"{u}}rgen Allgaier, Wim Pyckhout-Hintzen, Andreas Wischnewski, and Dieter
  Richter.
\newblock {Sensing Polymer Chain Dynamics through Ring Topology: A Neutron Spin
  Echo Study}.
\newblock {\em Phys. Rev. Lett.}, 115(14):148302, 2015.

\bibitem{Bishop1985}
Marvin Bishop and J.~P.~J. Michels.
\newblock {The shape of ring polymers}.
\newblock {\em J. Chem. Phys.}, 82(2):1059--1061, jan 1985.

\bibitem{Jagodzinski1992}
O.~Jagodzinski, E.~Eisenriegler, and K.~Kremer.
\newblock {Universal shape properties of open and closed polymer chains:
  renormalization group analysis and Monte Carlo experiments}.
\newblock {\em J. Phys. I Fr.}, 2:2243--2279, 1992.

\bibitem{Alim2007}
Karen Alim and Erwin Frey.
\newblock {Shapes of semiflexible polymer rings}.
\newblock {\em Phys. Rev. Lett.}, 99(November):1--4, 2007.

\bibitem{Reiss2011}
Pascal Reiss, Miriam Fritsche, and Dieter~W. Heermann.
\newblock {Looped star polymers show conformational transition from spherical
  to flat toroidal shapes}.
\newblock {\em Phys. Rev. E}, 84(5):051910, nov 2011.

\bibitem{Michels1982}
J.P.J. Michels and F.W. Wiegel.
\newblock {Probability of knots in a polymer ring}.
\newblock {\em Phys. Lett. A}, 90(7):381--384, 1982.

\bibitem{Polymers1991}
Kleanthes Koniaris and M.~Muthukumar.
\newblock {Knottedness in ring polymers}.
\newblock {\em Phys. Rev. Lett.}, 66(17):2211--2214, 1991.

\bibitem{Koniaris1991}
Kleanthes Koniaris and M.~Muthukumar.
\newblock {Self-entanglement in ring polymers}.
\newblock {\em J. Chem. Phys.}, 95(4):2873, 1991.

\bibitem{Grosberg1996}
Alexander Grosberg, Alexander Feigel, and Yitzhak Rabin.
\newblock {Flory-type theory of a knotted ring polymer}.
\newblock {\em Phys. Rev. E}, 54(6):6618--6622, 1996.

\bibitem{Shimamura2001}
Miyuki~K Shimamura and Tetsuo Deguchi.
\newblock {Gyration radius of a circular polymer under a topological constraint
  with excluded volume}.
\newblock {\em Phys. Rev. E}, 64(2):020801, jul 2001.

\bibitem{Orlandini2003}
E~Orlandini, a~L Stella, and C~Vanderzande.
\newblock {Polymer $\theta$-point as a knot delocalization transition}.
\newblock {\em Phys. Rev. E}, 68(3):031804, sep 2003.

\bibitem{Tubiana2011}
Luca Tubiana, Enzo Orlandini, and Cristian Micheletti.
\newblock {Multiscale entanglement in ring polymers under spherical
  confinement}.
\newblock {\em Phys. Rev. Lett.}, 107(October):1--4, 2011.

\bibitem{Uehara2014}
Erica Uehara and Tetsuo Deguchi.
\newblock {Statistical and hydrodynamic properties of double-ring polymers with
  a fixed linking number between twin rings}.
\newblock {\em J. Chem. Phys.}, 140(4), 2014.

\bibitem{Li2015a}
Bing Li, Zhao-Yan~Yan Sun, and Li-Jia~Jia An.
\newblock {Effects of topology on the adsorption of singly tethered ring
  polymers to attractive surfaces}.
\newblock {\em J. Chem. Phys.}, 143(2):024908, 2015.

\bibitem{DeGennes1974}
P.~G. {De Gennes}.
\newblock {Coil-stretch transition of dilute flexible polymers under ultrahigh
  velocity gradients}.
\newblock {\em J. Chem. Phys.}, 60(12):5030--5042, jun 1974.

\bibitem{Pincus1976}
P~Pincus.
\newblock {Excluded Volume Effects and Stretched Polymer Chains}.
\newblock {\em Macromolecules}, 9(3):386--388, may 1976.

\bibitem{Pincus1977}
P.~Pincus.
\newblock {Dynamics of Stretched Polymer Chains}.
\newblock {\em Macromolecules}, 10(1):210--213, jan 1977.

\bibitem{Brochard-Wyart1993a}
F~Brochard-Wyart.
\newblock {Deformations of One Tethered Chain in Strong Flows}.
\newblock {\em Europhys. Lett.}, 23(2):105--111, jul 1993.

\bibitem{Brochard-Wyart1994a}
F~Brochard-Wyart, H~Hervet, and P~Pincus.
\newblock {Unwinding of Polymer Chains under Forces or Flows}.
\newblock {\em Europhys. Lett.}, 26(7):511--516, jun 1994.

\bibitem{Adjarei1995a}
A~Adjarei, F~Brochardt-Wyart, and P~G de~Gennes.
\newblock {Drag on a Tethered Chain in a Polymer Melt.}
\newblock {\em J. Phys. II Fr.}, 5:491, 1995.

\bibitem{Perkins1995a}
Thomas Perkins, Douglas Smith, Ronald Larson, and Steven Chu.
\newblock {Stretching of a single tethered polymer in a uniform flow}.
\newblock {\em Science (80-. ).}, 268(5207):83--87, apr 1995.

\bibitem{Perkins1994}
T.~Perkins, D.~Smith, and S~Chu.
\newblock {Direct observation of tube-like motion of a single polymer chain}.
\newblock {\em Science (80-. ).}, 264(5160):819--822, may 1994.

\bibitem{Perkins1994a}
T.~Perkins, Quake, D.~Smith, and S~Chu.
\newblock {Relaxation of a single DNA molecule observed by optical microscopy}.
\newblock {\em Science (80-. ).}, 264(5160):822--826, may 1994.

\bibitem{Wirtz1995}
D~Wirtz.
\newblock {Direct Measurement of the Transport-Properties of a Single DNA
  Molecule}.
\newblock {\em Phys. Rev. Lett.}, 75(12):2436--2439, 1995.

\bibitem{Rzehak1999}
R~Rzehak, D~Kienle, T~Kawakatsu, and W~Zimmermann.
\newblock {Partial draining of a tethered polymer in flow}.
\newblock {\em Europhys. Lett.}, 46(6):821--826, jun 1999.

\bibitem{Larson1999}
R.~G. Larson, Hua Hu, D.~E. Smith, and S.~Chu.
\newblock {Brownian dynamics simulations of a DNA molecule in an extensional
  flow field}.
\newblock {\em J. Rheol. (N. Y. N. Y).}, 43(2):267, 1999.

\bibitem{Doyle2000}
P~S Doyle, B~Ladoux, and J~L Viovy.
\newblock {Dynamics of a tethered polymer in shear flow.}
\newblock {\em Phys. Rev. Lett.}, 84(20):4769--4772, 2000.

\bibitem{Ladoux2000a}
B~Ladoux and P~S Doyle.
\newblock {Stretching tethered DNA chains in shear flow}.
\newblock {\em Europhys. Lett.}, 52(5):511--517, dec 2000.

\bibitem{Sebastian2000}
K~L Sebastian.
\newblock {Pulling a polymer out of a potential well and the mechanical
  unzipping of DNA}.
\newblock {\em Phys. Rev. E}, 62(1):1128--1132, jul 2000.

\bibitem{Cui2000a}
Y~Cui and C~Bustamante.
\newblock {Pulling a single chromatin fiber reveals the forces that maintain
  its higher-order structure}.
\newblock {\em Proc. Natl. Acad. Sci.}, 97(1):127--132, jan 2000.

\bibitem{Rzehak2003a}
R~Rzehak.
\newblock {Conformational fluctuations of a tethered polymer in uniform flow}.
\newblock {\em Eur. Phys. J. E - Soft Matter}, 11(4):335--348, aug 2003.

\bibitem{Mohan2007}
Aruna Mohan and Patrick~S Doyle.
\newblock {Unraveling of a Tethered Polymer Chain in Uniform Solvent Flow}.
\newblock {\em Macromolecules}, 40(12):4301--4312, jun 2007.

\bibitem{Sing2011}
Charles~E. Sing and Alfredo Alexander-Katz.
\newblock {Theory of tethered polymers in shear flow: The strong stretching
  limit}.
\newblock {\em Macromolecules}, 44(22):9020--9028, 2011.

\bibitem{Sakaue2012a}
Takahiro Sakaue, Takuya Saito, and Hirofumi Wada.
\newblock {Dragging a polymer in a viscous fluid: Steady state and transient}.
\newblock {\em Phys. Rev. E}, 86(1):011804, jul 2012.

\bibitem{Varghese2013}
Anoop Varghese, Satyavani Vemparala, and R.~Rajesh.
\newblock {Force fluctuations in stretching a tethered polymer}.
\newblock {\em Phys. Rev. E}, 88(2):022134, 2013.

\bibitem{Dai2013a}
Liang Dai and Patrick~S. Doyle.
\newblock {Comparisons of a polymer in confinement versus applied force}.
\newblock {\em Macromolecules}, 46(15):6336--6344, 2013.

\bibitem{Patterson2009}
David Patterson.
\newblock {Molecular genetic analysis of Down syndrome}.
\newblock {\em Hum. Genet.}, 126(1):195--214, jul 2009.

\bibitem{Somasi2002}
Madan Somasi, Bamin Khomami, Nathanael~J. Woo, Joe~S. Hur, and Eric~S.G.
  Shaqfeh.
\newblock {Brownian dynamics simulations of bead-rod and bead-spring chains:
  numerical algorithms and coarse-graining issues}.
\newblock {\em J. Nonnewton. Fluid Mech.}, 108(1-3):227--255, dec 2002.

\bibitem{Cruz2012}
C.~Cruz, F.~Chinesta, and G.~R{\'{e}}gnier.
\newblock {Review on the Brownian Dynamics Simulation of Bead-Rod-Spring Models
  Encountered in Computational Rheology}.
\newblock {\em Arch. Comput. Methods Eng.}, 19(2):227--259, jun 2012.

\bibitem{Fixman1974}
M.~Fixman.
\newblock {Classical Statistical Mechanics of Constraints: A Theorem and
  Application to Polymers}.
\newblock {\em Proc. Natl. Acad. Sci.}, 71(8):3050--3053, 1974.

\bibitem{Pasquali2002}
Matteo Pasquali and David~C. Morse.
\newblock {An efficient algorithm for metric correction forces in simulations
  of linear polymers with constrained bond lengths}.
\newblock {\em J. Chem. Phys.}, 116(5):1834, 2002.

\bibitem{Liu1989}
Tony~W. Liu.
\newblock {Flexible polymer chain dynamics and rheological properties in steady
  flows}.
\newblock {\em J. Chem. Phys.}, 90(10):5826, 1989.

\bibitem{Honeycutt1992a}
Rebecca~L. Honeycutt.
\newblock {Stochastic Runge-Kutta algorithms. I. White noise}.
\newblock {\em Phys. Rev. A}, 45(2):600--603, jan 1992.

\bibitem{Binder1995}
Kurt Binder.
\newblock {\em {Monte Carlo and Molecular Dymanics Simulations in Polymers
  Science}}.
\newblock Oxford University Press, 1995.

\bibitem{Feller2008}
William Feller.
\newblock {\em {An Introduction to Probability Theory and Its Applications}}.
\newblock Wiley India Pvt. Limited, 2 edition, 2008.

\bibitem{Athreya2006}
Krishna~B. Athreya and Soumendra~N. Lahiri.
\newblock {\em {Measure Theory and Probability Theory}}.
\newblock Springer, 2006.

\bibitem{Andrews1998}
G~E Andrews.
\newblock {\em {The Theory of Partitions}}.
\newblock Cambridge mathematical library. Cambridge University Press, 1998.

\bibitem{Toba2006}
Shiori Toba, Tomonobu~M Watanabe, Lisa Yamaguchi-Okimoto, Yoko~Yano Toyoshima,
  and Hideo Higuchi.
\newblock {Overlapping hand-over-hand mechanism of single molecular motility of
  cytoplasmic dynein}.
\newblock {\em Proc. Natl. Acad. Sci.}, 103(15):5741--5745, apr 2006.

\bibitem{Gennerich2007}
Arne Gennerich, Andrew~P Carter, Samara~L Reck-Peterson, and Ronald~D Vale.
\newblock {Force-Induced Bidirectional Stepping of Cytoplasmic Dynein}.
\newblock {\em Cell}, 131(5):952--965, nov 2007.

\bibitem{Ananthanarayanan2013}
Vaishnavi Ananthanarayanan, Martin Schattat, Sven~K. Vogel, Alexander Krull,
  Nenad Pavin, and Iva~M. Toli{\'{c}}-N{\o}rrelykke.
\newblock {Dynein Motion Switches from Diffusive to Directed upon Cortical
  Anchoring}.
\newblock {\em Cell}, 153(7):1526--1536, jun 2013.

\bibitem{Tsai2011}
J.-H. Tsai and Bruce~D. McKee.
\newblock {Homologous pairing and the role of pairing centers in meiosis}.
\newblock {\em J. Cell Sci.}, 124(12):1955--1963, jun 2011.

\bibitem{meyer2000}
C~D Meyer.
\newblock {\em {Matrix Analysis and Applied Linear Algebra}}.
\newblock Matrix Analysis and Applied Linear Algebra. Society for Industrial
  and Applied Mathematics, 2000.

